
@article{digitaltwins,
  title={{SDigital Twins and Cyber-Physical System toward Smart Manufacturing and Industry 4.0 : Correlation
  and Comparison}},
  author={Fei Tao, Quinglin Qi, Lihui Wang, A.Y.C. Nee},
  url={https://www.sciencedirect.com/science/article/pii/S209580991830612X}
  year={2019},
}

@article{IoT,
	title={{Industrial IoT Lifecycle via Digital Twins}},
	author={Arquimedes Canedeo},
	url={https://dl.acm.org/doi/abs/10.1145/2968456.2974007}
	year={2016},
}

@article{feature,
	title={{A Feature – Based Framework for Structuring Industrial Digital Twins}},
	author={Juuso Autiosalo, Jari
	Vepsalainen, Raine Viitala, Kari Tammi},
	url={https://ieeexplore.ieee.org/abstract/document/8887161}
	year={2017},
}

@article{cyber,
	title={{Cyber – Physical Systems and Digital Twins in the Industrial Internet of Things}},
	author={Christos Koulamas,
	Athanasios Kalogeras},
	url={https://ieeexplore.ieee.org/abstract/document/8625931}
	year={2019},
}

@article{enablingtechnologies,
	title={{Digital Twin: Enabling Technologies, Challenges and Open Research}},
	author={Aidan Fuller, Zhong Fan,
	Charles Day, Chris Barlow},
	url={https://ieeexplore.ieee.org/document/9103025}
	year={2020},
}

@article{values,
	title={{Digital Twin: Values, Challenges and Enablers from a Modeling Perspective}},
	author={Adil Rasheed, Omer
	San, Trond Kvamsdal},
	url={https://ieeexplore.ieee.org/abstract/document/8972429}
	year={2020},
}

@misc{ekapija,
	title = {{Prvi Digitalni blizanac u Srbiji}},
	url={https://www.ekapija.com/news/2895427/napravljen-prvi-digitalni-blizanac-u-srbiji-stedljiva-uzdanica-4-industrijske-revolucije-foto}
}

@misc{lider,
	title = {{Digitalni blizanci još ne idu po špeceraj, ali olakšavaju poslovanje}},
	url={https://lidermedia.hr/tehno/digitalni-blizanci-jos-ne-idu-po-speceraj-ali-olaksavaju-poslovanje-135754}
}

@article{smartconnecting,
	title={{How smart, connected products are transforming companies}},
	author={Porter Michael, Heppelman James,},
	url={https://hbr.org/2015/10/how-smart-connected-products-are-transforming-companies}
	year={2015},
}

@misc{understanding,
	title = {{Understanding The Digital Twin}},
	url={https://www.chemengonline.com/understanding-the-digital-twin/}
}

@misc{groundedteory,
	title = {{What Is Grounded Theory In Accounting Research?
	}},
	url={https://statswork.com/blog/what-is-grounded-theory-in-accounting-research/}
}

@misc{sticker,
	title = {{Sticker: Digital twin concept icons set
	}},
	url={https://myloview.com/sticker-digital-twin-concept-icons-set-digital-twin-characteristics-no-F97B2FB}
}

@misc{usecases,
	title = {{Digital Twin Use Cases in Manufacturing
	}},
	url={https://blogs.3ds.com/exalead/2019/07/03/digital-twin-use-cases-in-manufacturing-part-5-12/}
}

@misc{economics,
	title = {{The economics of the Digital Transformation
	}},
	url={https://cmte.ieee.org/futuredirections/2020/07/11/the-economics-of-the-digital-transformation-viii/}
}

@misc{featuredt,
	title = {{Digital Twins an Example
	}},
	url={https://www.anylogic.com/features/digital-twin/}
}

@article{digitalinfrastructures,
	title={{Digital Infrastructures: The Missing IS Research Agenda}},
	author={Tilson David, Lyytinen Kalle, Sørensen
	Carsten},
	url={https://www.researchgate.net/publication/220079905_Digital_Infrastructures_The_Missing_IS_Research_Agenda}
	year={2010},
}

@article{seeingdouble,
	title={{Seeing double: why IoT digital twins will change the face of manufacturing}},
	author={Hamilton, Dean},
	url={https://www.networkworld.com/article/3219847/seeing-double-why-iot-digital-twins-will-change-the-face-of-manufacturing.html}
	year={2018},
}

@article{sensordata,
	title={{Sensor Data and Information Fusion to Construct Digital-twins Virtual Machine Tools for Cyber-
	physical Manufacturing}},
	author={Cai, Yi},
	url={https://www.sciencedirect.com/science/article/pii/S2351978917302767}
	year={2017},
}

@article{autonomy,
	title={{About The Importance of Autonomy and Digital Twins for the Future of Manufacturing}},
	author={Rosen,
	Roland; von Wichert, Georg; Lo, George; Bettenhausen, Kurt D},
	url={https://www.sciencedirect.com/science/article/pii/S2405896315003808}
	year={2015},
}





