@misc{kriptovalute1,
	title = {{What is cryptocurrency and how does it work?}},
	url={https://www.kaspersky.com/resource-center/definitions/what-is-cryptocurrency}
}

@misc{istorijabitcoina,
	title = {{The History of Bitcoin, the First Cryptocurrency}},
	url={https://money.usnews.com/investing/articles/the-history-of-bitcoin}
}

@misc{istorijanovca,
	title = {{The History of Money}},
	url={https://www.investopedia.com/articles/07/roots_of_money.asp}
}

@misc{kriptovalute2,
	title = {{What Is Cryptocurrency?}},
	url={https://www.forbes.com/advisor/investing/cryptocurrency/what-is-cryptocurrency/}
}

@misc{blockchain,
	title = {{Blockchain Facts: What Is It, How It Works, and How It Can Be Used}},
	url={https://www.investopedia.com/terms/b/blockchain.asp}
}

@misc{razliƒçitekriptovalute,
	title = {{Understanding the Different Types of Cryptocurrency}},
	url={https://www.sofi.com/learn/content/understanding-the-different-types-of-cryptocurrency/}
}

@misc{nft,
	title = {{What is a non-fungible token (NFT)?}},
	url={https://hedera.com/learning/tokens/what-is-a-non-fungible-token-nft?adgroupid=139332525739&utm_term=&utm_campaign=hh19c1&utm_source=sem&utm_medium=ppc&utm_content=611328684444&hsa_acc=1782665900&hsa_cam=1717906681&hsa_grp=139332525739&hsa_ad=611328684444&hsa_src=g&hsa_tgt=dsa-1692334474972&hsa_kw=&hsa_mt=&hsa_net=adwords&hsa_ver=3&gclid=EAIaIQobChMIkarYjMSS-gIVkAwGAB2K9gOcEAAYAyAAEgJqcPD_BwE}
}