@article{wto,
    title   = "Global report on aviation—Responding to
    the needs of new tourism markets and destinations.",
    year    = "2012",
    journal = " World Tourism Organisation",
}

@article{frommj,
    author = "Fromm, J.",
    title = "Transitioning travel to the millennial market.",
    year = "2018",
    note = "Retrieved from \url{https://www.forbes.com/sites/jefffromm/2018/09/05/transitioning-travel-to-the-millennial-market/#5b6d6bfd3219/}"
}

@article{starcevic,
    author  = "Starčević, S., Konjikušić, S.",
    title   = "Why millennials as digital travellers transformed marketing strategy in tourism industry",
    year    = "2018",
    journal = "SSRN",
    note = "\url{https://papers.ssrn.com/sol3/
papers.cfm?abstract_id=3280320}"
}

@article{meyer,
    author  = "Meyer-Bisch, P.",
    title   = "Cultural rights within the development grammar: Agenda 21 for culture",
    year    = "2013",
    note = "Retrieved from Barcelona. \url{ http://obs.agenda21culture.net/sites/default/files/2018-06/Culture_SD_cities_web_single.pdf/}"
}

@article{unhabitat3,
    author  = "UN Habitat III",
    title   = "Socio-cultural urban frameworks",
    year    = "2016",
    note = "Retrieved from Quito. \url{http://habitat3.org/wp-content/uploads/Habitat%20III%20Policy%
20Paper%202.pdf/}"
}

@article{avioni,
    author  = "IATA",
    title   = "Traveler numbers reach new heights.",
    year    = "2018",
    journal = "The millennial",
    note = "Retrieved from \url{https://www.iata.org/pressroom/pr/Pages/2018-09-06-01.aspx}"
}

@article{mazarenau,
    author  = "Mazareanu, E.",
    title   = "Global air traffic—{S}cheduled passengers 2004–2019.",
    year    = "2019",
    journal = "The millennial",
    note = "Retrieved from \url{https://www.statista.com/statistics/564717/
airline-industry-passenger-traffic-globally/}"
}

@article{kennedy,
    author  = "Kennedy, S.",
    title   = "2019 Cruise trends & industry outlook.",
    year    = "2019",
    journal = "The millennial",
    note = "Retrieved from \url{https://cruising.org/news-and-research/-/media/CLIA/Research/CLIA%20
2019%20State%20of%20the%20Industry.pdf}"
}

@article{postma,
    author  = "Postma, A., Buda, D., Gugerell, K.",
    title   = "The future of city tourism",
    year    = "2017",
    journal = "Journal of Tourism Futures",
    pages   = "95-101"
}

@article{zukins,
    author  = "Zukin, S.",
    title   = "Destination culture: How Globalization makes all cities look the same.",
    year    = "2009",
    note = "Paper presented at the Rethinking Cities and Communities:
Urban Transition Before and During the Era of Globalisation, Hartford,
CT."
}


@article{jacobsj,
    author  = "Jacobs, J.",
    title   = "The death and life of great American cities.",
    year    = "1961",
    journal = "New York: Random House."
}

@article{alexanderc,
    author  = "Alexander, C., Ishikawa, S., Silverstein, M.",
    title   = "A pattern language.",
    year    = "1977",
    journal = "New York: Oxford University Press"
}

@article{seamond,
    author  = "Seamon, D.",
    title   = "Christopher Alexander and a phenomenology of wholeness",
    year = "2007",
    note = "Paper presented at the Christopher Alexander annual meeting of the Environmental Design Research Association, Sacramento, CA."
}

@article{hocaoglu,
    author  = "Hocaoğlu, D.",
    title   = "Challenges in promoting cities through culture within
the new global economy.",
    year    = "2017",
    journal = "Advertising and branding: Concepts, methodologies, tools, and applications",
    pages   = "1258–1279",
    note = "Hershey, PA: IGI Global."
}

@article{allamz1,
    author  = "Allam, M. Z.",
    title   = "Redefining the smart city: Culture, metabolism and governance: Case study of Port Louis, Mauritius.",
    note = "Ph.D. thesis, Curtin University, Perth, Australia. Retrieved from \url{ https://espace.curtin.edu.au/ handle/20.500.11937/70707/}"
}

@article{allamz2,
    author  = "Allam, Z., Jones, D.",
    title   = "Promoting resilience, liveability and sustainability through landscape architectural design: A conceptual framework for PortLouis, Mauritius; a small Island developing state.",
    year    = "2018",
    note = "Paper presented at the IFLA World Congress Singapore 2018, Singapore."
}

@article{jungtchungn,
    author  = "Jung, T., Chung, N., & Leue, M. C.",
    title   = "The determinants of recommendations to use augmented reality technologies: The case of a Korea theme park.",
    year    = "2015",
    journal = "Tourism management",
    pages   = "75–86"
}

@article{richardsg,
    author  = "Richards, G.",
    title   = "Cultural tourism: A review of recent research and trends.",
    year    = "2018",
    journal = "Journal of Hospitality and Tourism Management",
    pages   = "12-21"
}

@article{appendino,
    author  = "Appendino, F.",
    title   = "Balancing heritage conservation and sustainable development—{T}he case of {B}ordeaux",
    year = "2017",
    journal = "IOP, 245(062002)",
    pages   = "1-11"
}

@article{plazab,
    author  = "Plaza, B., & Haarich, S. N.",
    title   = "The {G}uggenheim {M}useum {B}ilbao: Between regional embeddedness and global networking.",
    year    = "2013",
    journal = "European Planning Studies, 23(8)",
    pages   = "1456–1475"
}

@article{hamk,
    author  = "Ham, K.",
    title   = "The phenomenal economic impact of the ark and {C}reation museum.",
    year    = "2017",
    note = "Retrieved from \url{https://answersingenesis.org/ministry-news/
core-ministry/phenomenal-economic-impact-ark-and-creation-museum/}"
}

@article{pietrol,
    author  = "Pietro, L. D., Mugion, R. G., Renzi, M. F.",
    title   = "Heritage and identity: {T}echnology, values and visitors experiences.",
    year    = "2018",
    journal = "Journal of Heritage Tourism, 13(2)",
    pages = "97-103"
}

@article{mckinsey,
    author  = "McKinsey \& Company",
    title   = "Smart city solutions: {W}hat drives citizen adoption around the globe?",
    year    = "2018",
    note = "Retrieved from \url{https://www.mckinsey.com/
industries/public-sector/our-insights/smart-city-solutions-what-drives-
citizen-adoption-around-the-globe}"
}

@article{jamaluddina,
    author  = "Jamaluddin, A.",
    title   = "10 {M}obile apps to find upcoming events \& new places of interest.",
    year    = "2017",
    note = "Retrieved from \url{ https://www.hongkiat.com/blog/apps-
    events-activities-around-you/}"
}

@article{ingrahamn,
    author  = "Ingraham, N.",
    title   = "Google releases ‘{F}ield {T}rip’ app, a location-aware guidebook to your surroundings.",
    year    = "2012",
    note = "Retrieved from \url{https://www.theverge.com/2012/9/27/3418082/google-field-trip-location-based-guidebook}"
}

@article{theplace,
    title   = "The {P}lace {B}rand {O}bserver.",
    year    = "2018",
    journal = " 31 innovative destination marketing campaigns and place branding strategies to serve as inspiration in 2018.",
    note = "Retrieved from \url{ https://placebrandobserver.com/31-inspiring-destination-
marketing-campaigns-place-branding-examples/}"
}

@article{kavara,
    author  = "Kavaratzis, M., & Hatch, M.",
    title   = "The dynamics of place brands: {A}n identity-based approach to place branding theory.",
    year    = "2013",
    journal = "Marketing Theory, 13"
}

@article{cotir,
    author  = "Cotirlea, D.",
    title   = "From place marketing to place branding within the
nation branding process: A literature review.",
    year    = "2014",
    journal = "Ovidius University Annals, Economic Sciences Series, 14(2)",
    pages   = "297–302"
}

@article{alamjr,
    author  = "Alam, J. R., Sajid, A., Talib, R., Niaz, M.",
    title   = "A review of the role of big data in business.",
    year    = "2014",
    journal = "International Journal of Computer Science and Mobile
Computing, 3(4)",
    pages   = "446–453"
}

@article{burgess,
    author  = "Burgess, C",
    title   = "Multicultural {J}apan? {D}iscourse and the ‘{M}yth’ of homogeneity.",
    year    = "2007",
    journal = "The Asia-Pacific Journal/Japan Focus, 5(3)",
    pages   = "1–25"
}

@article{mohamed,
    author  = "Kim, T. H., Ramos, C., Mohammed, S.",
    title   = "Smart {C}ity and {I}o{T}.",
    year    = "2017",
    journal = "Future Generation Computer Systems, 76",
    pages   = "159–162"
}

@article{norman,
    author  = "Norman, B.",
    title   = "Are autonomous cities our urban future?",
    year    = "2018",
    journal = "Nature communications, 9",
}

@article{dubey,
    author  = "Dubey, A., Naik, N., Parikh, D., Raskar, R., Hidalgo, C. A.",
    title   = "Deep learning the city: Quantifying urban perception at a global scale.",
    year    = "2016",
    note = "In \textit{European Conference on Computer Vision} (pp. 196–212). Cham, Switzerland: Springer."
}

@article{zorins,
    author  = "Zorins, A., Grabusts, P.",
    title   = "Artificial neural networks and human brain: {S}urvey of Improvement possibilities of learning.",
    year    = "2015",
    note = "Paper presented at the 10th International Scientific and Practical Conference, Rezekne, Latvia."
}

@article{heh,
    author  = "Garcia, E. A.",
    title   = "Learning from imbalanced data.",
    year    = "2009",
    journal = "IEEE Transactions on Knowledge and Data Engineering, 21(9)",
    pages   = "1260–1284"
}

@article{oggA,
    author  = "Ogg., A.",
    title   = "Travel trends of the largest generation.",
    year    = "2019",
    journal = "The millennial",
    pages   = "222–230",
    note = "Retrieved from \url{ https://www.vaxvacationaccess.com/the-compass/The-Millennial- Travel-Trends-of-the-Largest-Generation/}"
}

@article{ar,
    title   = "An overview of augmented reality technology",
    year    = "2019",
    journal = "Journal of Physics: Conference Series",
    note = "Retrieved from \url{https://iopscience.iop.org/article/10.1088/1742-6596/1237/2/022082/meta}"
}


@article{vr,
    title   = "V{R} Reality of the {R}elationship between {A}ugmented {R}eality and {V}irtual {R}eality in the {C}ontext of {V}irtual {R}eality",
    year    = "2021",
    journal = "Journal of Physics: Conference Series",
    note = "Retrieved from \url{https://iopscience.iop.org/article/10.1088/1742-6596/2066/1/012056}"
}
