@article{re_2014,
    author  = "Rehan, R. M.",
    title   = "Urban branding as an efective sustainability tool in urban development.",
    year    = "2014",
    journal = " HBRC Journal",
    volume  = "10",
    number  = "2",
    pages   = "222–230"
}

@article{ho_2016,
    author  = "Holt, D.",
    title   = "Branding in the age of social media.",
    year    = "2016",
    journal = "Harvard Business Review",
    volume  = "50",
    pages   = "40–48"
}

@article{hm_2016,
    author  = "Higham, J. \& Moyle, B.",
    title   = "Local identities in a global game: Te social production of football space in Liverpool.",
    year    = "2016",
    journal = "Journal of Sport \& Tourism,",
    volume  = "20",
    number  = "3-4",
    pages   = "217–232"
}

@article{sa_2017,
    author  = "Saatçioğlu, E.",
    title   = "Social media and city branding: A case study of Instagram project @cityofzmir.",
    year    = "2017",
    journal = "Global Media Journal",
    volume  = "8",
    number  = "15",
    pages   = "1–16"
}

@article{pp_2014,
    author  = "Pike S. \& Page S. J.",
    title   = "Destination marketing organisations and destination marketing: A narrative of the literature. ",
    year    = "2014",
    journal = "Tourism Management,",
    volume  = "41",
    pages   = "202–227"
}

@article{kdj_2012,
    author  = "Kerr, G., Dombkins, K., \& Jelley, S.",
    title   = "“We love the Gong”: A marketing perspective.",
    year    = "2012",
    journal = "Journal of Place Management and Development,",
    volume  = "5",
    number  = "3",
    pages   = "272–279"
}

@article{ag_2017,
    author  = "Almeyda-Ibáñez \& George",
    title   = "Te evolution of destination branding: A review of branding literature in tourism.",
    year    = "2017",
    journal = "Journal of Tourism, Heritage \& Services Marketing,",
    volume  = "3",
    number  = "1",
    pages   = "9–17"
}

@article{s_2013,
    author  = "Schwedler J.",
    title   = "Spatial dynamics of the Arab uprisings.",
    year    = "2013",
    journal = "Political Science and Politics,",
    volume  = "47",
    pages   = "230–234"
}

@article{no_2005,
    author  = "Novelli, M.",
    title   = "Burlington, MA: Elsevier Butterworth-Heinemann.",
    year    = "2005",
    journal = "Niche tourism: Contemporary issues, trends and cases."
}

@article{l_2017,
    author  = "Low S.",
    title   = "Public space and the public sphere: Te legacy of Neil Smith.",
    year    = "2017",
    journal = "Antipode",
    volume  = "49",
    number  = "1",
    pages   = "153–170"
}

@article{k_2013,
    author  = "Kuymulu, M. B.",
    title   = " Reclaiming the right to the city: Refections on the urban uprisings in Turkey",
    year    = "2013",
    journal = "City: Analysis of Urban Trends, Culture, Teory, Policy, Action,",
    volume  = "17",
    number  = "3",
    pages   = "274–278"
}

@article{cb_2017,
    author  = "Low S.",
    title   = "Right to public space and right to democracy: Te role of social media in Gezi Park.",
    year    = "2017",
    journal = "Research and Policy on Turkey,",
    volume  = "2",
    number  = "1",
    pages   = "49–61"
}

@article{s_2017,
    author  = "Saifuzzaman",
    title   = "Impact of social media in Arab spring: Special emphasis on Tunisia’s uprising.",
    year    = "2017",
    journal = " International Journal of Development Research,",
    volume  = "7",
    number  = "8",
    pages   = "14227–14231"
}

@article{b_2013,
    author  = "Bavel J. V.",
    title   = "The world population: Causes, backgrounds and projections for the future.",
    year    = "2013",
    journal = "Facts, Views \& Vision.",
    volume  = "5",
    number  = "4",
    pages   = "281–291"
}

@article{zhang_2017,
    author  = "Han C., Tomas S. R., Yang M., Leromonachou P. \& Zhang H.",
    title   = "Evaluating R\&D investment efficiency in China’s high-tech industry.",
    year    = "2017",
    journal = "Te Journal of High Technology Management Research,",
    volume  = "28",
    number  = "1",
    pages   = "93–109"
}

@article{tu_2014,
    author  = "Tufekci Z.",
    title   = "Social movements and governments in the digital age:
Evaluating a complex landscape.",
    year    = "2014",
    journal = "Journal of International Afairs,",
    volume  = "68",
    number  = "1",
    pages   = "1–18"
}

@article{m_2018,
    author  = "Hemsley J., Jacobson J., Gruzd A. \& Mai P.",
    title   = "Social media for social good or evil: An introduction. ",
    year    = "2018",
    journal = "Social Media+Society,",
    volume  = "4",
    number  = "3",
    pages   = "1–5"
}

@article{v_h_2014,
    author  = "Karvonen A. \& van Heur B.",
    title   = "Urban laboratories: Experiments in reworking cities. ",
    year    = "2014",
    journal = "International Journal of Urban and Regional Research.",
    volume  = "38",
    number  = "2",
    pages   = "379–392"
}

@article{florida_2018,
    author  = "Florida R.",
    year    = "2018",
    journal = "Te rise of ‘urban tech’",
    note = "Retrieved from \href{https://www.citylab.com/life/2018/07/the-rise-of-urban-tech/564653/}{https://www.citylab.com/life/2018/07/the-rise-of-urban-tech/564653/}"
}

@article{nb_2016,
    author  = "Newberry, C.",
    year    = "2016",
    journal = "Ethical travelers are obsessed with this Amsterdam neighborhood: Here at the best sites.",
    note = "Retrieved from \href{https://www.makechange.aspiration.com/articles/ethical-travelers-are-obsessed-with-this-amsterdam-neighborhood}{https://www.makechange.aspiration.com/articles/ethical-travelers-are-obsessed-with-this-amsterdam-neighborhood}"
}


@article{hitti_2018,
    author  = "Hitti, N. ",
    year    = "2018",
    journal = "Amsterdam council removes “I amsterdam” sign after it became selfe spot. ",
    note = "Retrieved from \href{https://www.dezeen.com/2018/12/05/i-amsterdam-sign-removed-council-mass-tourism/}{https://www.dezeen.com/2018/12/05/i-amsterdam-sign-removed-council-mass-tourism/}"
}

@article{s_2019,
    author  = "Singh S.",
    year    = "2019",
    journal = "Smart cities market worth \$717.2 billion by 2023. Northbrook, IL.",
    note = "Retrieved from \href{https://www.business.qld.gov.au/running-business/growing-business/research-development}{https://www.business.qld.gov.au/running-business/growing-business/research-development}"
}

@article{t_2019,
    author  = "Tjepkema L.",
    year    = "2019",
    journal = "Top 5 social media predictions for 2019.",
    note = "Retrieved from \href{https://www.emarsys.com/resources/blog/top-5-social-media-predictions-2019/}{https://www.emarsys.com/resources/blog/top-5-social-media-predictions-2019/}"
}

@article{t_2014,
    author  = "Taylor S.",
    year    = "2014",
    journal = "How service providers can profit from smart cities.",
    note = "Retrieved from \href{https://blogs.cisco.com/sp/how-service-providers-can-proft-from-smart-cities}{https://blogs.cisco.com/sp/how-service-providers-can-profit-from-smart-cities}"
}

@article{mc_2018a,
    author  = "McKinsey \& Company",
    year    = "2018a",
    journal = "Smart city solutions: What drives citizen adoption around the globe? ",
    note = "Retrieved from \href{https://www.mckinsey.com/~/media/McKinsey/Industries/Public\%20Sector/Our\%20Insights/Smart\%20city\%20solutions\%20What\%20drives\%20citizen\%20adoption\%20around\%20the\%20globe/smart-citizen-book-eng.ashx}{https://www.mckinsey.com/~/media/McKinsey}"
}

@article{l_2018,
    author  = "Yu L., Liu X., Fung H. \& Leung W. K.",
    year    = "2018",
    title = "Size and value efects in high-tech industries: Te role of R\&D investment.",
    journal = "Te North American Journal of Economics and Finance.",
    note = "\href{http://dx.doi.org/10.1016/j.najef.2018.10.001}{http://dx.doi.org/10.1016/j.najef.2018.10.001}"
}

@article{un_2017,
    author  = "United Nations",
    year    = "2017",
    journal = "World population projected to reach 9.8 billion in 2050 and 11.2 billion in 2100.",
    note = "\href{https://www.un.org/development/desa/en/news/population/world-population-prospects-2017.html}{https://www.un.org/development/desa/en/news/population/world-population-prospects-2017.html}"
}

@article{wt_2018,
    author  = "World Travel \& Tourism Council.",
    year    = "2018",
    journal = "City travel \& tourism impacts.",
    note = "\href{https://www.wttc.org/-/media/files/reports/economic-impact-research/cities-2018/city-travel--tourism-impact-2018final.pdf}{https://www.wttc.org/-/media/files/reports/economic-impact-research/cities-2018/city-travel--tourism-impact-2018final.pdf}"
}

@article{q_2016,
    author  = "Queensland Government",
    year    = "2016",
    journal = "R\&D. Business Queensland",
    note = "Retrieved from \href{https://www.marketsandmarkets.com/pdfdownloadNew.asp?id=542}{https://www.marketsandmarkets.com/pdfdownloadNew.asp?id=542}"
}

@article{g_r_s_2018,
    author  = "Govindarajan V. \& Rajgopal S. \& Srivastava A.",
    year    = "2018",
    journal = "Why fnancial statements don’t work for digital companies.",
    note = "Retrieved from \href{https://hbr.org/2018/02/why-financial-statements-dont-work-for-digital-companies}{https://hbr.org/2018/02/why-financial-statements-dont-work-for-digital-companies}"
}

@article{ey_2014,
    author  = "EY",
    year    = "2014",
    journal = "Big Data: Changing the way businesses compete and operate.",
    note = "Retrieved from \href{https://www.ey.com/Publication/vwLUAssets/EY_-_Big_data:_changing_the_way_businesses_operate/\%2524FILE/EY-Insights-on-GRC-Big-data.pdf}{https://www.ey.com/Publication/vwLUAssets/EY_-_Big_data:_changing_the_way_businesses_operate/\%2524FILE/EY-Insights-on-GRC-Big-data.pdf}"
}

@article{2017,
    author  = "Kolotouchkina O. \& Seisdedos G.",
    title   = " Place branding strategies in the
context of new smart cities: Songdo IBD, Masdar and Skolkovo.",
    year    = "2017",
    journal = "Place
Branding and Public Diplomacy",
    volume  = "25",
    number  = "2",
    pages   = "465–482"
}

@article{2019,
    author  = "Grand View Research",
    year    = "2019",
    journal = "Smart cities market size worth \$237.6 billion by 2025|CARG:18.9\%.",
    note = "Retrieved from \href{https://www.grandviewresearch.com/press-release/global-smart-cities-market}{https://www.grandviewresearch.com/press-release/global-smart-cities-market.}"
}

@article{s2019,
    author  = "Tjepkema, L.",
    year    = "2019",
    journal = "Top 5 social media predictions for 2019.",
    note = "Retrieved from \href{https://blogs.cisco.com/sp/how-service-providers-can-profit-from-smart-cities}{https://blogs.cisco.com/sp/how-service-providers-can-profit-from-smart-cities.}"
}

